{
  "leader": "04474cam a2200505 i 4500",
  "fields": [
    {
      "001": "ocm20014802\\"
    },
    {
      "003": "OCoLC"
    },
    {
      "005": "20220104164015.0"
    },
    {
      "008": "890502s1989\\\\\\\\cau\\\\\\\\\\\\b\\\\\\\\001\\0\\eng\\\\"
    },
    {
      "010": {
        "ind1": "\\",
        "ind2": "\\",
        "subfields": [
          {
            "a": "   89045596 "
          }
        ]
      }
    },
    {
      "040": {
        "ind1": "\\",
        "ind2": "\\",
        "subfields": [
          {
            "a": "DLC"
          },
          {
            "b": "eng"
          },
          {
            "e": "rda"
          },
          {
            "c": "DLC"
          },
          {
            "d": "MUQ"
          },
          {
            "d": "BTCTA"
          },
          {
            "d": "YDXCP"
          },
          {
            "d": "BAKER"
          },
          {
            "d": "DEBBG"
          },
          {
            "d": "OCLCQ"
          },
          {
            "d": "GBVCP"
          },
          {
            "d": "OCLCO"
          },
          {
            "d": "OCLCF"
          },
          {
            "d": "NSC"
          },
          {
            "d": "OCLCQ"
          },
          {
            "d": "OCLCO"
          },
          {
            "d": "CNCGM"
          },
          {
            "d": "OCLCA"
          },
          {
            "d": "MEAUC"
          },
          {
            "d": "UKBTH"
          },
          {
            "d": "OCLCA"
          },
          {
            "d": "OCLCO"
          }
        ]
      }
    },
    {
      "019": {
        "ind1": "\\",
        "ind2": "\\",
        "subfields": [
          {
            "a": "60132354"
          },
          {
            "a": "1022700376"
          }
        ]
      }
    },
    {
      "020": {
        "ind1": "\\",
        "ind2": "\\",
        "subfields": [
          {
            "a": "1555421792"
          }
        ]
      }
    },
    {
      "020": {
        "ind1": "\\",
        "ind2": "\\",
        "subfields": [
          {
            "a": "9781555421793"
          }
        ]
      }
    },
    {
      "024": {
        "ind1": "8",
        "ind2": "\\",
        "subfields": [
          {
            "a": "ZBWT00259882"
          }
        ]
      }
    },
    {
      "035": {
        "ind1": "\\",
        "ind2": "\\",
        "subfields": [
          {
            "a": "(OCoLC)20014802"
          },
          {
            "z": "(OCoLC)60132354"
          },
          {
            "z": "(OCoLC)1022700376"
          }
        ]
      }
    },
    {
      "043": {
        "ind1": "\\",
        "ind2": "\\",
        "subfields": [
          {
            "a": "n-us---"
          }
        ]
      }
    },
    {
      "050": {
        "ind1": "0",
        "ind2": "0",
        "subfields": [
          {
            "a": "HD2769.2.U6"
          },
          {
            "b": "H64 1989"
          }
        ]
      }
    },
    {
      "055": {
        "ind1": "\\",
        "ind2": "3",
        "subfields": [
          {
            "a": "HD 2769.2.U6"
          }
        ]
      }
    },
    {
      "080": {
        "ind1": "0",
        "ind2": "\\",
        "subfields": [
          {
            "a": "338.74"
          }
        ]
      }
    },
    {
      "082": {
        "ind1": "0",
        "ind2": "0",
        "subfields": [
          {
            "a": "338.74"
          },
          {
            "b": "HOD"
          }
        ]
      }
    },
    {
      "100": {
        "ind1": "1",
        "ind2": "\\",
        "subfields": [
          {
            "a": "Hodgkinson, Virginia Ann."
          }
        ]
      }
    },
    {
      "245": {
        "ind1": "1",
        "ind2": "4",
        "subfields": [
          {
            "a": "The future of the nonprofit sector :"
          },
          {
            "b": "challenges, changes, and policy considerations /"
          },
          {
            "c": "Virginia A. Hodgkinson, Richard W. Lyman, and associates."
          }
        ]
      }
    },
    {
      "250": {
        "ind1": "\\",
        "ind2": "\\",
        "subfields": [
          {
            "a": "First edition."
          }
        ]
      }
    },
    {
      "264": {
        "ind1": "\\",
        "ind2": "1",
        "subfields": [
          {
            "a": "San Francisco :"
          },
          {
            "b": "Jossey-Bass Publishers,"
          },
          {
            "c": "1989."
          }
        ]
      }
    },
    {
      "264": {
        "ind1": "\\",
        "ind2": "4",
        "subfields": [
          {
            "c": "\u00a91989"
          }
        ]
      }
    },
    {
      "300": {
        "ind1": "\\",
        "ind2": "\\",
        "subfields": [
          {
            "a": "xxxv, 507 pages ;"
          },
          {
            "c": "24 cm."
          }
        ]
      }
    },
    {
      "336": {
        "ind1": "\\",
        "ind2": "\\",
        "subfields": [
          {
            "a": "text"
          },
          {
            "b": "txt"
          },
          {
            "2": "rdacontent"
          }
        ]
      }
    },
    {
      "337": {
        "ind1": "\\",
        "ind2": "\\",
        "subfields": [
          {
            "a": "unmediated"
          },
          {
            "b": "n"
          },
          {
            "2": "rdamedia"
          }
        ]
      }
    },
    {
      "338": {
        "ind1": "\\",
        "ind2": "\\",
        "subfields": [
          {
            "a": "volume"
          },
          {
            "b": "nc"
          },
          {
            "2": "rdacarrier"
          }
        ]
      }
    },
    {
      "490": {
        "ind1": "1",
        "ind2": "\\",
        "subfields": [
          {
            "a": "The Jossey-Bass nonprofit sector series"
          }
        ]
      }
    },
    {
      "504": {
        "ind1": "\\",
        "ind2": "\\",
        "subfields": [
          {
            "a": "Includes bibliographical references and indexes."
          }
        ]
      }
    },
    {
      "530": {
        "ind1": "\\",
        "ind2": "\\",
        "subfields": [
          {
            "a": "Also issued online."
          }
        ]
      }
    },
    {
      "505": {
        "ind1": "0",
        "ind2": "\\",
        "subfields": [
          {
            "a": "Key challenges facing the nonprofit sector / Virginia A. Hodgkinson -- How the legitimacy of the sector has eroded / Carroll L. Estes, Elizabeth A. Binney, Linda A. Bergthold -- The changing partnership between the voluntary sector and the welfare state / Lester M. Salamon -- The evolving role of foundations / James Allen Smith -- Trends in accountability and regulation of nonprofits / Marion R. Fremont-Smith -- The two nonprofit sectors: fee for service versus donative organizations / Henry Hansman -- The complexities of income generation for nonprofits / Burton A. Weisbrod -- Fading distinctions among the nonprofit, government, and for -- profit sectors / James M. Ferris, Elizabeth Graddy -- Cash cows or sacred cows: the politics of the commercialization movement / Reid Lifset."
          }
        ]
      }
    },
    {
      "505": {
        "ind1": "0",
        "ind2": "\\",
        "subfields": [
          {
            "a": "The use of for -- profit susidary corporations by nonprofits / James J. McGovern -- Beyond tax exemption: a focus on organizational performance versus legal status / Dennis R. Young -- Encouraging advocacy for the underserved: the case of children / Robert H. Bremner -- The problem of poverty and why philanthropy neglects it / Susan A. Ostrander -- The future of hospanics and philanthropy / Janice Petrovich -- Helping the underserved abroad: the case of famine relief / Robert L. Payton -- Responsible management in the nonprofit sector / Michael O'Neill -- Increasing government support fot nonprofits: is it worth the cost? / Jack Moskowitz -- New approaches to financing nonprofit organizations: the role of lending / Steven A. Waldhorn, James O. Gollub, Joyce A. Klein -- Charitable giving options that so not affect government revenue / Lawerence B. Lindsey."
          }
        ]
      }
    },
    {
      "505": {
        "ind1": "0",
        "ind2": "\\",
        "subfields": [
          {
            "a": "Corporate contributions to the year 2000: growth or decline? / Hayden W. Smith -- Corporate social responsibility and public -- private partnerships / Peter Goldberg -- Trends in corporate reporting on philanthropic efforts / Robert O. Bothwell, Elizabeth Wiener -- Cause -- related marketing: advantages and pitfalls for nonprofits / Kathleen A. Krentler -- Key indicators on generostiy in communities / Julian Wolpert -- Volunteer demographics and future prospects for volunteering / Robert J. O' Connor, Rebecca S. Johnson -- Charitable giving patterns by elites in the United States / Teresa J. Odendahl -- Fostering philanthropic values in a modern democracy / Margot Stern Storm, Alan L. Stoskopf -- Alternative futures for the sector / Forrest P. Chisman -- Agendas for nonprofit sector research: a personal account / John G. Simon -- Meeting the challenges of the future / Richard W. Lyman, Virginia A, Hodgkinson."
          }
        ]
      }
    },
    {
      "650": {
        "ind1": "\\",
        "ind2": "0",
        "subfields": [
          {
            "a": "Nonprofit organizations"
          },
          {
            "z": "United States."
          }
        ]
      }
    },
    {
      "650": {
        "ind1": "\\",
        "ind2": "7",
        "subfields": [
          {
            "a": "Nonprofit organizations."
          },
          {
            "2": "fast"
          },
          {
            "0": "(OCoLC)fst01038875"
          }
        ]
      }
    },
    {
      "651": {
        "ind1": "\\",
        "ind2": "7",
        "subfields": [
          {
            "a": "United States."
          },
          {
            "2": "fast"
          },
          {
            "0": "(OCoLC)fst01204155"
          }
        ]
      }
    },
    {
      "700": {
        "ind1": "1",
        "ind2": "\\",
        "subfields": [
          {
            "a": "Lyman, Richard W."
          }
        ]
      }
    },
    {
      "776": {
        "ind1": "0",
        "ind2": "8",
        "subfields": [
          {
            "i": "Online version:"
          },
          {
            "a": "Hodgkinson, Virginia Ann."
          },
          {
            "t": "Future of the nonprofit sector."
          },
          {
            "b": "1st ed."
          },
          {
            "d": "San Francisco : Jossey-Bass, 1989"
          },
          {
            "w": "(OCoLC)644600692"
          }
        ]
      }
    },
    {
      "830": {
        "ind1": "\\",
        "ind2": "0",
        "subfields": [
          {
            "a": "Jossey-Bass nonprofit sector series."
          }
        ]
      }
    },
    {
      "994": {
        "ind1": "\\",
        "ind2": "\\",
        "subfields": [
          {
            "a": "Z0"
          },
          {
            "b": "NYRVC"
          }
        ]
      }
    },
    {
      "948": {
        "ind1": "\\",
        "ind2": "\\",
        "subfields": [
          {
            "h": "NO HOLDINGS IN NYRVC - 472 OTHER HOLDINGS"
          }
        ]
      }
    },
    {
      "999": {
        "ind1": "\\",
        "ind2": "\\",
        "subfields": [
          {
            "a": "00000000015873"
          }
        ]
      }
    }
  ]
}